% This file was created with JabRef 2.10.
% Encoding: Cp1252


@InCollection{Chow2011,
  Title                    = {{Privacy of Spatial Trajectories}},
  Author                   = {Chow, Chi-Yin and Mokbel, Mohemad F.},
  Booktitle                = {{Computing with Spatial Trajectories}},
  Publisher                = {Springer New York},
  Year                     = {2011},
  Editor                   = {Zheng, Yu and Zhou, Xiaofang},
  Pages                    = {109-141},

  Owner                    = {Tina},
  Timestamp                = {2015.08.16},
  Url                      = {http://dx.doi.org/10.1007/978-1-4614-1629-6\_4}
}

@Article{Gedik2008,
  Title                    = {{Protecting Location Privacy with Personalized k-Anonymity: Architecture and Algorithms}},
  Author                   = {Bugra Gedik and Ling Liu},
  Journal                  = {IEEE Transactions on Mobile Computing},
  Year                     = {2008},
  Number                   = {1},
  Pages                    = {1-18},
  Volume                   = {7},

  Address                  = {Los Alamitos, CA, USA},
  ISSN                     = {1536-1233},
  Publisher                = {IEEE Computer Society},
  Url                      = {http://doi.ieeecomputersociety.org/10.1109/TMC.2007.1062}
}

@Misc{Consulting2014,
  Title                    = {{Location-based Services Monitor 2014: Angebote, Nutzung und lokale Werbemarktpotenziale ortsbezogener, mobiler Dienste in Deutschland (Gesamtstudie)}},

  Author                   = {{Goldmedia GmbH}},
  Month                    = {Mai},
  Year                     = {2014},

  Owner                    = {Tina},
  Timestamp                = {2015.08.16},
  Url                      = {www.blm.de/files/pdf1/140512\_Location-based\_Services\_Monitor\_2014.pdf}
}
@article{10.1109/TMC.2007.1062,
author = {Bu&#x11f;ra Gedik and Ling Liu},
title = {Protecting Location Privacy with Personalized k-Anonymity: Architecture and Algorithms},
journal ={IEEE Transactions on Mobile Computing},
volume = {7},
number = {1},
issn = {1536-1233},
year = {2008},
pages = {1-18},
doi = {http://doi.ieeecomputersociety.org/10.1109/TMC.2007.1062},
publisher = {IEEE Computer Society},
address = {Los Alamitos, CA, USA},
}
